<?xml version="1.0" encoding="UTF-8"?><record xmlns="http://www.loc.gov/MARC21/slim" xmlns:cinclude="http://apache.org/cocoon/include/1.0" xmlns:zs="http://www.loc.gov/zing/srw/">
  <leader>00354nz  a2200121n  4500</leader>
  <controlfield tag="001">n  88679723 </controlfield>
  <controlfield tag="003">DLC</controlfield>
  <controlfield tag="005">19881213072905.0</controlfield>
  <controlfield tag="008">881213n| acannaab|          |n aad |||  </controlfield>
  <datafield tag="010" ind1=" " ind2=" ">
    <subfield code="a">n  88679723 </subfield>
  </datafield>
  <datafield tag="040" ind1=" " ind2=" ">
    <subfield code="a">DLC</subfield>
    <subfield code="c">DLC</subfield>
  </datafield>
  <datafield tag="100" ind1="1" ind2="0">
    <subfield code="a">Zaimi, Abdulla</subfield>
  </datafield>
  <datafield tag="670" ind1=" " ind2=" ">
    <subfield code="a">nuc88-135981: His Hymje neĚ leteĚrsi, 1965</subfield>
    <subfield code="b">(hdg. on CLU rept.: Zaimi, Abdulla; usage: Abdulla Zaimi)</subfield>
  </datafield>
</record>